Untuk setiap referensi, baris pertama (newton1687) merupakan label dan baris-baris berikutnya
merupakan atribut dari referensi yang akan digunakan. Umumnya, format referensi berikut sudah
disediakan oleh penyedia sumber referensi secara online dan bisa langsung ditaruh di sini.

Lihat https://www.bibtex.com/g/bibtex-format/ untuk informasi lebih lanjut mengenai format
BibTex yang digunakan pada file ini.

@article{Rahmad2022,
  author={Cahya Rahmad and Arief Prasetyo and Riza Awwalul Baqy},
  journal={Matrix: Jurnal Manajemen Teknologi dan Informatika},
  title={PowerPoint slideshow navigation control with hand gestures using Hidden Markov Model method},
  year={2022}
}

@article{AdamFourney2010,
  author={Adam Fourney and Michael Terry and Richard Mann},
  journal={Proceedings of the 2010 British Computer Society Conference on HumanComputer Interaction},
  title={Gesturing in the Wild: Understanding the Effects and Implications of Gesture-Based Interaction for Dynamic Presentations},
  year={2010}
}

@article{AhmedKadem2020,
  author={Ahmed Kadem Hamed AlSaedi and Abbas H. Hassin AlAsadi},
  journal={Indonesian Journal of Electrical Engineering and Computer Science},
  title={A new hand gestures recognition system},
  year={2020}
}

@article{MuhammadIdress2021,
  author={Muhammad Idrees and Ashfaq Ahmad and Muhammad Arif Butt and Hafiz Muhammad Danish},
  journal={Department of Data Science, University of the Punjab, Lahore, Pakistan},
  title={Controlling PowerPoint Using Hand Gestures in Python},
  year={2021}
}

@article{TheocharisChatzis2020,
  author={Theocharis Chatzis and Andreas Stergioulas and Dimitrios Konstantinidis and Kosmas Dimitropoulos and Petros Daras},
  journal={Visual Computing Lab at Information Technologies Institute of Centre for Reseach and Technology Hellas},
  title={A Comprehensive Study on Deep Learning-Based 3D Hand Pose Estimation Methods},
  year={2020}
}

@article{FariaSoroni2021,
  author={Faria Soroni and Sakik Al Sajid and Md. Nur Hossain Bhuiyan},
  journal={Conference: 2021 IEEE 12th Annual Information Technology, Electronics and Mobile Communication Conference (IEMCON)At: University of British Collumbia, Vancouver, Canada},
  title={Hand Gesture Based Virtual Blackboard Using Webcam},
  year={2021}
}

@article{Hilmia2016,
  author={Hilmia Wardani},
  journal={},
  title={PENGEMBANGAN INSTRUMEN ASESMEN PRESENTASI ILMIAH DI SMA},
  year={2016}
}

@article{Indriani2021,
  author={Indriani and Moh.Harris and Ali Suryaperdana Agoes},
  journal={},
  title={Applying Hand Gesture Recognition for User Guide Application Using MediaPipe},
  year={2021}
}

@article{IWayan2016,
  author={I Wayan Suartika and Arya Yudhi Wijaya and Rully Soelaiman},
  journal={},
  title={Klasifikasi Citra Menggunakan Convolutional Neural Network (Cnn) pada Caltech 101},
  year={2016}
}

@article{Rasmila2022,
  author={Rasmila and Nurul Huda and Jemakmun and Aan Restu Mukti and Rahayu Amalia and Novri Hadinata and Kurniawan and Ade Putra and Christin Evasari Nainggolan},
  journal={ABSYARA: Jurnal Pengabdian Pada Masyarakat},
  title={Pelatihan Presentasi Menggunakan Microsoft Power Point pada SMP Patra Mandiri 2 Palembang},
  year={2022}
}

@article{Muthoharoh2019,
  author={M. Muthoharoh},
  journal={Tasyri: Jurnal TarbiyahSyariah-Islamiyah},
  title={Media Powerpoint dalam Pembelajaran},
  year={2019}
}

@article{Poerwanti2018,
  author={J. I. S. Poerwanti and H. Mahfud},
  journal={JPPM (JurnalPengabdian Dan Pemberdayaan Masyarakat)},
  title={Optimalisasi Penggunaan Media Pembelajaran Interaktif dengan Microsoft Power Point pada Guru-Guru Sekolah Dasar},
  year={2018}
}

@misc{HandLandmarks,
  author={Mediapipe},
  title={Hand Landmarks},
  year=2020,
  url={https://google.github.io/mediapipe/solutions/hands.html},
  urldate={}}

@misc{CNN,
  author={Adesh Deshpande},
  title={CNN},
  year=2016,
  url={https://towardsdatascience.com/covolutional-neural-network-cb0883dd6529},
  urldate={}}

@misc{MaxPoolingLayer,
  author={V. S. Lakkavaram and Lakkavaram V. S. Raghuveer and Chatarband Satish Kumar and G Sai Sri and Shaik Habeeb},
  title={Max Pooling Layer},
  year=2019,
  url={https://www.researchgate.net/publication/332570921_A_review_on_Practical_Diagnostic_of_Tomato_Plant_Diseases},
  urldate={}}

@misc{PPTLogo,
  author={Microsoft},
  title={PowerPoint Logo},
  year=2019,
  url={https://cdn-dynmedia-1.microsoft.com/is/image/microsoftcorp/PowerPoint_icon-1?resMode=sharp2&op_usm=1.5,0.65,15,0&wid=58&hei=58&qlt=75&fit=constrain},
  urldate={}}

@article{MBernico,
  author={M. Bernico},
  journal={},
  title={Deep learning quick reference: useful hacks for training and optimizing deep neural networks with TensorFlow and Keras},
  year={2018}
}

@article{PriyantoHidayatullah,
  author={Priyanto Hidayatullah},
  journal={},
  title={Pengolahan Citra Digital : teori dan aplikasi nyata},
  year={2017}
}

@article{CamilloLugaresi,
  author={Camillo Lugaresi and Jiuqiang Tang and Hadon Nash and Chris McClanahan and Esha Uboweja and Michael Hays and Fan Zhang and Chuo-Ling Chang and Ming Guang Yong and Juhyun Lee and Wan-Teh Chang and Wei Hua and Manfred Georg and Matthias Grundmann},
  journal={Google Research},
  title={MediaPipe: A Framework for Building Perception Pipelines},
  year={2019}
}

@article{MElgendy,
  author={M. Elgendy},
  journal={Shelter Island. NY: Manning Publication Co},
  title={Deep learning for vision systems},
  year={2020}
}

@article{MdZahangir,
  author={Md Zahangir Alom and Tarek M. Taha and Chris Yakopcic and Stefan Westberg and Paheding Sidike and Mst Shamima Nasrin and Mahmudul Hasan and Brian C. Van Essen and Abdul A. S. Awwal and Vijayan K. Asari},
  journal={Electronics},
  title={A State-of-the-Art Survey on Deep Learning Theory and Architectures},
  year={2019}
}

@article{Junghwan,
  author={Junghwan Cho and Kyewook Lee and Ellie Shin and Garry Choy and Synho Do},
  journal={Department of Radiology, Massachusetts General Hospital and Harvard Medical School},
  title={HOW MUCH DATA IS NEEDED TO TRAIN A MEDICAL IMAGE DEEP LEARNING SYSTEM TO ACHIEVE NECESSARY HIGH ACCURACY?},
  year={2016}
}

@article{MohammadReza,
  author={Mohammad Reza Heydarian and Thomas E. Doyle and Reza Samavi},
  journal={IEEE Access},
  title={MLCM: Multi-Label Confusion Matrix},
  year={2022}
}

@article{AndreasHinderks,
  author={Andreas Hinderks and Martin Schrepp and Francisco José Domínguez Mayo and M.J. Escalona and M.J. Escalona Jörg Thomaschewski},
  journal={Computer Standards and Interfaces},
  title={Developing a UX KPI based on the User Experience Questionnaire},
  year={2019}
}

@article{Kaiming2015,
  author={Kaiming He and Xiangyu Zhang and Shaoqing Ren and Jian Sun},
  journal={Microsoft Research},
  title={Deep Residual Learning for Image Recognition},
  year={2015}
}